<collection xmlns="http://www.loc.gov/MARC21/slim"><record><leader>00725nam  2200217   450</leader><controlfield tag="001">16660</controlfield><controlfield tag="003">http://montalegre.opacnet.com/OPAC/default.aspx?ContentAreaControl=ShowRegHoldings.ascx&amp;RegNo=16662</controlfield><controlfield tag="005">20</controlfield><datafield tag="100" ind1=" " ind2=" "><subfield code="a">20140408d1968    k  y0pory010305  ba</subfield></datafield><datafield tag="101" ind1="1" ind2=" "><subfield code="a">por</subfield></datafield><datafield tag="102" ind1=" " ind2=" "><subfield code="a">PT</subfield></datafield><datafield tag="200" ind1="1" ind2=" "><subfield code="a">Nietzsche</subfield><subfield code="f">Daniel Halévy</subfield></datafield><datafield tag="210" ind1=" " ind2=" "><subfield code="a">Porto</subfield><subfield code="c">Inova</subfield><subfield code="d">1968</subfield></datafield><datafield tag="215" ind1=" " ind2=" "><subfield code="a">409 p.</subfield><subfield code="c">il.</subfield><subfield code="d">23 cm</subfield></datafield><datafield tag="225" ind1="2" ind2=" "><subfield code="a">&lt;Os &gt;trabalhos e os dias</subfield></datafield><datafield tag="600" ind1=" " ind2="1"><subfield code="a">Nietzsche</subfield><subfield code="b">Friedrich</subfield><subfield code="f">1844-1900</subfield><subfield code="2">Autoridade</subfield><subfield code="3">PT-----------2013070815090005797</subfield></datafield><datafield tag="606" ind1="1" ind2=" "><subfield code="a">Filosofia</subfield><subfield code="2">Autoridade</subfield><subfield code="3">PT-----------2013022816560005656</subfield></datafield><datafield tag="675" ind1=" " ind2=" "><subfield code="a">1</subfield></datafield><datafield tag="700" ind1=" " ind2="1"><subfield code="a">Halévy</subfield><subfield code="b">Daniel</subfield></datafield><datafield tag="801" ind1=" " ind2="0"><subfield code="a">PT</subfield><subfield code="b">Biblioteca Municipal de Montalegre</subfield><subfield code="g">RPC</subfield></datafield><datafield tag="856" ind1=" " ind2=" "><subfield code="u">locateMedia.aspx?cod=20140408112937&amp;ext=jpg</subfield><subfield code="z">CAPA</subfield></datafield><datafield tag="909" ind1="&#9;" ind2=" "><subfield code="a">1</subfield></datafield><datafield tag="966" ind1=" " ind2=" "><subfield code="a">0013916</subfield><subfield code="l">BMM</subfield><subfield code="s">SCG 1 HAL nie</subfield></datafield></record></collection>